@report{borderstep2020,
	author       = "Borderstep Institut",
	title        = "Rechenzentren in Deutschland: Eine Studie zu Energiebedarf und CO2-Emissionen",
	year         = "2020",
	institution  = "Borderstep Institut f√ºr Innovation und Nachhaltigkeit",
	url          = "https://www.borderstep.de/publikationen/rechenzentren-in-deutschland-eine-studie-zu-energiebedarf-und-co2-emissionen/",
	note         = "Zugriff am 05. Februar 2025"
}
